
% 논문: xx 관련 (주제별 대략 분리)

@article{van2018epb,
  title={EPB standards: Why choose hourly calculation procedures?},
  author={Dijk, Dick van},
  journal={REHVA European HVAC Journal},
  volume={2},
  pages={6--12},
  year={2018}
}

@article{Jeong2021energydeungkeup,
  title={건축물에너지효율등급 인증제도의 고도화를 위한 1 차에너지 환산계수 개선안},
  author={정재원 and 동혜원 and 조수영 and 천성용},
  journal={건축환경설비},
  volume={15},
  number={3},
  pages={6--14},
  year={2021}
}


‰ 논문： 기상데이터 관련 
@thesis{shimtmyx,
  author={심지수},
  title={국내 지역기후를 반영한 표준기상데이터 작성 및 건물에너지 시뮬레이션에 대한 영향도 분석},
  school={성균관대학교},
  year={2018},
  type={석사학위논문},
  url={http://www.riss.kr/link?id=T14741931}}


% 보고서 : 용도프로필 관련
@techreport{Kim2016report,
  author = {한국건설기술연구원},
  title = {건물부문 온실가스 감축 잠재량 모형분석을 위한 표준 모델 DB 구축},
  institution = {한국건설기술연구원},
  year = {2016},
  month = {8},
  number = {TRKO201700004183},
  type = {최종보고서},
  note = {주관부처: 국무조정실}
}


% 단행본: xx 관련 (주제별 대략 분리)

@handbook{ashrae_f18,
  author       = {{ASHRAE}},
  title        = {Thermal Properties of Building Materials},
  booktitle    = {ASHRAE Handbook—Fundamentals},
  chapter      = {18},
  year         = {2017},
  publisher    = {American Society of Heating, Refrigerating and Air-Conditioning Engineers},
  address      = {Atlanta, GA},
  note         = {Chapter 18}
}

% 프로그램 및 모듈 등 software 관련

@manual{python312,
  title        = {Python Language Reference, version 3.12},
  author       = {{Python Software Foundation}},
  organization = {Python Software Foundation},
  year         = {2023},
  url          = {https://docs.python.org/3.12/},
  note         = {Available at: \url{https://docs.python.org/3.12/}},
}

@manual{energyplus242,
  title        = {EnergyPlus Engineering Reference: The Reference to EnergyPlus Calculations, Version 24.2},
  author       = {{U.S. Department of Energy}},
  year         = {2024},
  url          = {https://energyplus.net/documentation},
  note         = {Available at: \url{https://energyplus.net/documentation}},
  organization = {U.S. Department of Energy}
}

@manual{energyplusior242,
  title        = {EnergyPlus InputOutput Reference: The Reference to EnergyPlus Calculations, Version 24.2},
  author       = {{U.S. Department of Energy}},
  year         = {2024},
  url          = {https://energyplus.net/documentation},
  note         = {Available at: \url{https://energyplus.net/documentation}},
  organization = {U.S. Department of Energy}
}


@misc{python_float_doc,
  title        = {Floating Point Arithmetic: Issues and Limitations},
  organization = {Python Software Foundation},
  year         = {2023},
  url          = {https://docs.python.org/3/tutorial/floatingpoint.html},
  note         = {Accessed: 2025-08-10}
}

@standard{ieee754_standard,
  title        = {IEEE Standard for Floating-Point Arithmetic},
  organization = {IEEE Computer Society},
  journal      = {IEEE Std 754-2019 (Revision of IEEE 754-2008)},
  year         = {2019},
  pages        = {1--84},
  doi          = {10.1109/IEEESTD.2019.8766229},
  publisher    = {IEEE}
}

@manual{cbecc,
  title        = {CBECC Title-24 Compliance Software},
  author       = {{California Energy Commission}},
  organization = {{California Energy Commission}},
  year         = {2025},
  url          = {https://www.energy.ca.gov/programs-and-topics/programs/building-energy-efficiency-standards/2025-energy-code-compliance-software},
  note         = {Available at: \url{https://bees.noresco.com/}},
}

% 온라인 사이트 관련

@manual{onebuilding2025,
  title        = {Climate.OneBuilding.Org: Free climate data for building simulation},
  author       = {{OneBuilding.org}},
  year         = {2025},
  url          = {https://climate.onebuilding.org/},
  note         = {Accessed: 2025-07-19}
}

% 법령 및 규칙 관련
@manual{law:energy_to_1stenergy,
  author       = "{한국에너지공단}",
  title        = "{제로에너지건축물 인증 제도 운영규정 [시행 2025.3.11.] [별표 3] 1차에너지 환산계수}",
  year         = {2025},
  url          = {https://www.law.go.kr/schlPubRulInfoP.do?chrClsCd=&schlPubRulSeq=2200000141287#AJAX},
  note         = {Available at: \url{https://www.law.go.kr/schlPubRulInfoP.do?chrClsCd=&schlPubRulSeq=2200000141287#AJAX}}
}

@manual{law:usageprofile,
  author       = "{한국에너지공단}",
  title        = "{제로에너지건축물 인증 제도 운영규정 [시행 2023.11.15.] [별표 2] 주거 및 주거용 이외 건축물 용도프로필}",
  year         = {2025},
  url          = {https://www.law.go.kr/schlPubRulInfoP.do?chrClsCd=010202&schlPubRulSeq=2200000087233},
  note         = {Available at: \url{https://www.law.go.kr/schlPubRulInfoP.do?chrClsCd=010202&schlPubRulSeq=2200000087233}}

}